@inproceedings{alasbali:2015,
  title={Open {S}ource as an {I}nnovative {A}pproach in {C}omputer {S}cience {E}ducation: a systematic review of advantages and challenges},
  author={Alasbali, N. and Benatallah, B.},
  booktitle={MOOCs, Innovation and Technology in Education (MITE)},
  pages={278--283},
  year={2015},
  organization={IEEE}
}

@book{anderson:1996,
  title={Learning Contracts},
  author={Anderson, G. and Boud, D. and Sampson, J.},
  year={1996},
  publisher={Psychology Press}
}

@article{anzai:1979,
  title={The {T}heory of {L}earning by {D}oing.},
  author={Anzai, Y. and Simon, H. A.},
  journal={Psychological Review},
  volume={86},
  number={2},
  pages={124},
  year={1979},
  publisher={American Psychological Association}
}

@inproceedings{azevedo:2008,
  title={An {E}volutionary {A}pproach for {V}ector {Q}uantization {C}odebook {O}ptimization},
  author={Azevedo, C. R. B. and Bispo Jr, E. L. and Ferreira, T. A. E. and Madeiro, F. and Alencar, M. S.},
  booktitle={International Symposium on Neural Networks},
  pages={452--461},
  year={2008},
  organization={Springer}
}

@article{azevedo:2008b,
  title={Um {A}lgoritmo {M}em{\'e}tico para a {O}timiza{\c{c}}{\~a}o de {Q}uantizadores {V}etoriais},
  author={Azevedo, C. R. B. and Azevedo, R. A. and Bispo Jr, E. L. and Ferreira, T. A. E. and Lopes, W. T. A. and Madeiro, F.},
  journal={Learning and Nonlinear Models},
  volume={5},
  number={1},
  pages={1--15},
  year={2008}
}

@inproceedings{azevedo:2008c,
  title={Um {M}{\'e}todo {E}volutivo para a {O}timiza{\c{c}}{\~a}o de {Q}uantizadores {V}etoriais},
  author={Azevedo, C. R. B. and Azevedo, R. A. and Bispo Jr, E. L. and Ferreira, T. A. E. and Lopes, W. T. A. and Madeiro, F.},
  booktitle={Proceedings of the II Workshop on Computational Intelligence (WCI)},
  year={2008}
}

@book{benssen:2015,
   title =     {Learning by Doing: The Real Connection between Innovation, Wages, and Wealth},
   author =    {J. Bessen},
   publisher = {Yale University Press},
   isbn =      {0300195664,9780300195668},
   year =      {2015},
   series =    {},
   edition =   {},
   volume =    {},
}

@inproceedings{bispo:2008,
   title = {{A}valia{\c{c}}{\~a}o da {V}elocidade de {C}onverg{\^e}ncia dos {A}lgoritmos {C}ompetitivo e {LBG} aplicados ao {P}rojeto de {Q}uantizadores {V}etoriais},
   author = {Bispo Jr, E. L. and Madeiro, F.},
   booktitle={Anais da 10$^a$ Jornada de Inicia{\c{c}}{\~a}o Cient{\'i}fica},
   pages={69},
   year = {2008}
}

@article{bispo:2010,
  title={{M}ethods to {A}ccelerate a {C}ompetitive {L}earning {A}lgorithm applied to {VQ} {C}odebook {D}esing},
  author={Bispo Jr, E. L. and Azevedo, C. R. B. and Lopes, W. T. A. and Alencar, M. S. and Madeiro, F.},
  journal={Trends in Applied and Computational Mathematics},
  volume={11},
  number={3},
  pages={193--203},
  year={2010}
}

@MastersThesis{bispo:2011,
  title={M{\'e}tricas de {A}valia{\c{c}}{\~a}o de {A}linhamentos de {O}ntologias},
  author={Bispo Jr, E. L.},
  year={2011},
  school={Universidade de S{\~a}o Paulo}
}

@inproceedings{bispo:2011b,
  title={Uma {N}ova {A}bordagem de {A}valia{\c{c}}{\~a}o de {A}linhamentos de {O}ntologias baseada em {C}onsultas},
  author={Bispo Jr, E. L. and Wassermann, R.},
  booktitle={Anais do XXXI Congresso da Sociedade Brasileira de Computa{\c{c}}{\~a}o, VIII Encontro Nacional de Intelig{\^e}ncia Artificial},
  pages={926--937},
  year={2011}
}

@inproceedings{carvalho:2016,
  title={Ensino de {D}emonstra{\c{c}}{\~a}o por {I}ndu{\c{c}}{\~a}o em {T}eoria dos {G}rafos utilizando um {A}mbiente {V}isual de {A}lgoritmos},
  author={Carvalho, F. A. and Bispo Jr, E. L.},
  booktitle={Anais do 3 $^o$ Encontro de Licenciaturas e PIBID do Sudoeste Goiano (ELICPIBID)},
  year={2016}
}

@Unpublished{lima:2015,
	author = {Lima, J. L. F.},
	title = {Metodologia de Compara{\c{c}}{\~a}o de M{\'e}tricas de Avalia{\c{c}}{\~a}o de Alinhamentos de Ontologias},
	year = {2015},
	note = {Trabalho de Conclus{\~a}o de Curso, Universidade Federal de Goi{\'a}s}
}

@inproceedings{buffardi:2015,
  title={Localized {O}pen {S}ource {C}ollaboration in {S}oftware {E}ngineering {E}ducation},
  author={Buffardi, K.},
  booktitle={Frontiers in Education Conference (FIE)},
  pages={1--5},
  year={2015},
  organization={IEEE}
}

@article{crouch:2001,
  title={Peer {I}nstruction: Ten years of experience and results},
  author={Crouch, C. H. and Mazur, E.},
  journal={American Journal of Physics},
  volume={69},
  number={9},
  pages={970--977},
  year={2001},
  publisher={American Association of Physics Teachers}
}

@article{herrington:2000,
  title={An {I}nstructional {D}esign {F}ramework for {A}uthentic {L}earning {E}nvironments},
  author={Herrington, J. and Oliver, R.},
  journal={Educational Technology Research and Development},
  volume={48},
  number={3},
  pages={23--48},
  year={2000},
  publisher={Springer}
}

@book{herrington:2006,
  title={Authentic {L}earning {E}nvironments in {H}igher {E}ducation},
  author={Herrington, Jan},
  year={2006},
  publisher={IGI Global}
}

@inproceedings{japones:2013,
  title={Semin{\'a}rios {A}bertos em {C}omputa{\c{c}}{\~a}o: Promovendo pr{\'a}ticas integradoras dentro da universidade},
  author={Japon{\^e}s, G. C. and Oliveira, L. R. and Guerra, M. C. and Bispo Jr, E. L.},
  booktitle={Anais do Congresso de Ensino, Pesquisa e Extens{\~a}o (COMPEEX)},
  year={2013}
}

@book{knowles:2014,
  title={The Adult Learner: The definitive classic in adult education and human resource development},
  author={Knowles, M. S. and Holton III, E. F. and Swanson, R. A.},
  year={2014},
  publisher={Routledge}
}

@book{lakey:2010,
  title={Facilitating Group Learning: Strategies for success with adult learners},
  author={Lakey, G.},
  year={2010},
  publisher={John Wiley \& Sons}
}

@article{lombardi:2007,
  title={Authentic {L}earning for the 21st {C}entury: An overview},
  author={Lombardi, M. M.},
  journal={Educause Learning Initiative},
  volume={1},
  number={2007},
  pages={1--12},
  year={2007}
}

@book{mazur:1997,
  title={Peer {I}nstruction},
  author={Mazur, E.},
  year={1997},
  publisher={Upper Saddle River, NJ: Prentice Hall}
}

@article{merriam:2001,
  title={Andragogy and {S}elf-{D}irected {L}earning: Pillars of adult learning theory},
  author={Merriam, S. B.},
  journal={New Directions for Adult and Continuing Education},
  volume={2001},
  number={89},
  pages={3--14},
  year={2001},
  publisher={Wiley Online Library}
}

@inproceedings{porter:2011,
  title={Peer {I}nstruction: do students really learn from peer discussion in computing?},
  author={Porter, L. and Bailey Lee, C. and Simon, B. and Zingaro, D.},
  booktitle={Proceedings of the Seventh International Workshop on Computing Education Research},
  pages={45--52},
  year={2011},
  organization={ACM}
}

@article{schank:1999,
  title={Learning by {D}oing},
  author={Schank, R. C. and Berman, T. R. and Macpherson, K. A.},
  journal={Instructional-Design Theories and Models: A new paradigm of instructional theory},
  volume={2},
  pages={161--181},
  year={1999}
}

@inproceedings{silva:2014,
	title={An{\'a}lise no {U}so do {C}ontrole de {C}oncorr{\^e}ncia no {A}cesso de {D}ados em {M}y{SQL} e {M}aria{DB}},
	author={Silva, H. A. and Borges, F. F. and Parreira Jr., P. A. and Bispo Jr., E. L.},
	booktitle={Anais do Encontro Anual de Computa{\c{c}}{\~a}o (ENACOMP 2014)},
	year={2014},
	pages={89--96}
}

@inproceedings{souza:2015,
  title={{TESE} -- Um {S}istema de {I}nforma{\c{c}}{\~a}o para {G}erenciamento de {P}rojetos {E}xperimentais em {E}ngenharia de {S}oftware},
  author={de Souza, I. E. and Inoc{\^e}ncio, A. C. G. and Oliveira, P. H. L. and Parreira Jr., P. A. and Bispo Jr, E. L.},
  pages={555--570},
  year={2015},
  booktitle={Proceedings of the XI Brazilian Symposium on Information Systems}
}